@misc{Android,
 title = "{More information about the Android OS}",
 howpublished = "\url{http://source.android.com/devices/tech/}"
}