@article{Hsiao:2014:RDE:2666356.2594330,
 author = {Hsiao, Chun-Hung and Yu, Jie and Narayanasamy, Satish and Kong, Ziyun and Pereira, Cristiano L. and Pokam, Gilles A. and Chen, Peter M. and Flinn, Jason},
 title = {Race Detection for Event-driven Mobile Applications},
 journal = {SIGPLAN Not.},
 issue_date = {June 2014},
 volume = {49},
 number = {6},
 month = jun,
 year = {2014},
 issn = {0362-1340},
 pages = {326--336},
 numpages = {11},
 url = {http://doi.acm.org/10.1145/2666356.2594330},
 doi = {10.1145/2666356.2594330},
 acmid = {2594330},
 publisher = {ACM},
 address = {New York, NY, USA},
 keywords = {Android, causality model, concurrency, event-driven, mobile application, race detection, use-free race},
}