@inproceedings{Pratt-Hartmann:2014:LCE:2603088.2603117,
 author = {Pratt-Hartmann, Ian},
 title = {Logics with Counting and Equivalence},
 booktitle = {Proceedings of the Joint Meeting of the Twenty-Third EACSL Annual Conference on Computer Science Logic (CSL) and the Twenty-Ninth Annual ACM/IEEE Symposium on Logic in Computer Science (LICS)},
 series = {CSL-LICS '14},
 year = {2014},
 isbn = {978-1-4503-2886-9},
 location = {Vienna, Austria},
 pages = {76:1--76:10},
 articleno = {76},
 numpages = {10},
 url = {http://doi.acm.org/10.1145/2603088.2603117},
 doi = {10.1145/2603088.2603117},
 acmid = {2603117},
 publisher = {ACM},
 address = {New York, NY, USA},
 keywords = {complexity, equivalence relation, satisfiability},
}