@inproceedings{Safi:2015:DEA:2786805.2786836,
 author = {Safi, Gholamreza and Shahbazian, Arman and Halfond, William G. J. and Medvidovic, Nenad},
 title = {Detecting Event Anomalies in Event-based Systems},
 booktitle = {Proceedings of the 2015 10th Joint Meeting on Foundations of Software Engineering},
 series = {ESEC/FSE 2015},
 year = {2015},
 isbn = {978-1-4503-3675-8},
 location = {Bergamo, Italy},
 pages = {25--37},
 numpages = {13},
 url = {http://doi.acm.org/10.1145/2786805.2786836},
 doi = {10.1145/2786805.2786836},
 acmid = {2786836},
 publisher = {ACM},
 address = {New York, NY, USA},
 keywords = {Android application, Event anomaly, Event-based system, Race detection},
}