@misc{DynamicLifecycleTesting,
 title = "{Dynamic Lifecycle Tests, Repository}",
 howpublished = "\url{https://github.com/Simone3/DynamicLifecycleTesting}"
}