@inproceedings{Hu:2016:AVR:2931037.2931069,
 author = {Hu, Yongjian and Neamtiu, Iulian and Alavi, Arash},
 title = {Automatically Verifying and Reproducing Event-based Races in Android Apps},
 booktitle = {Proceedings of the 25th International Symposium on Software Testing and Analysis},
 series = {ISSTA 2016},
 year = {2016},
 isbn = {978-1-4503-4390-9},
 location = {Saarbr\&\#252;cken, Germany},
 pages = {377--388},
 numpages = {12},
 url = {http://doi.acm.org/10.1145/2931037.2931069},
 doi = {10.1145/2931037.2931069},
 acmid = {2931069},
 publisher = {ACM},
 address = {New York, NY, USA},
 keywords = {Event flipping, Event-based races, Google Android, Happens- before relation, Race verification},
} 