@misc{Espresso,
 title = "{Espresso}",
 howpublished = "\url{https://google.github.io/android-testing-support-library/docs/espresso/}"
}