@misc{EspressoIntents,
 title = "{Espresso Intents}",
 howpublished = "\url{https://google.github.io/android-testing-support-library/docs/espresso/intents/}"
}