@misc{EventBasedTesting,
 title = "{Event-Based Testing, Repository}",
 howpublished = "\url{https://github.com/Simone3/TemporalAssertionsTesting}"
}