@article{Bielik:2015:SRD:2858965.2814303,
 author = {Bielik, Pavol and Raychev, Veselin and Vechev, Martin},
 title = {Scalable Race Detection for Android Applications},
 journal = {SIGPLAN Not.},
 issue_date = {October 2015},
 volume = {50},
 number = {10},
 month = oct,
 year = {2015},
 issn = {0362-1340},
 pages = {332--348},
 numpages = {17},
 url = {http://doi.acm.org/10.1145/2858965.2814303},
 doi = {10.1145/2858965.2814303},
 acmid = {2814303},
 publisher = {ACM},
 address = {New York, NY, USA},
 keywords = {Android, Data Races, Happens-before, Non-determinism},
}