@misc{Hamcrest,
 title = "{JavaHamcrest}",
 howpublished = "\url{http://hamcrest.org/JavaHamcrest/}"
}