@misc{InTheClear,
 title = "{InTheClear}",
 author = "{SaferMobile}",
 howpublished = "\url{https://github.com/SaferMobile/InTheClear}"
}