@misc{JUnit,
 title = "{JUnit}",
 howpublished = "\url{http://junit.org}"
}