@misc{Lint,
 title = "{Lint}",
 howpublished = "\url{http://tools.android.com/tips/lint}"
}