@misc{Mockito,
 title = "{Mockito}",
 howpublished = "\url{http://mockito.org/}"
}