@misc{monkeyrunner,
 title = "{monkeyrunner}",
 howpublished = "\url{https://developer.android.com/studio/test/monkeyrunner/index.html}"
}