@TechReport{Baresi:Oracles,
    author = {Baresi, Luciano and Young, Michal},
    title = {Test Oracles},
    institution = {University of Oregon,
    Dept. of Computer and Information Science},
    year = 2001,
    type = {Technical Report},
     number = {CIS-TR-01-02},
    address = {Eugene, Oregon, U.S.A.},
    month = {August},
    note = {\url{http://www.cs.uoregon.edu/~michal/pubs/oracles.html}}
}