@misc{ProGuard,
 title = "{ProGuard}",
 howpublished = "\url{http://proguard.sourceforge.net/}"
}