@misc{ReactiveNetwork,
 title = "{ReactiveNetwork}",
 howpublished = "\url{https://github.com/pwittchen/ReactiveNetwork}"
}