@misc{ReactiveLocation,
 title = "{ReactiveLocation}",
 howpublished = "\url{https://github.com/mcharmas/Android-ReactiveLocation}"
}