@misc{ReactiveSensors,
 title = "{ReactiveSensors}",
 howpublished = "\url{https://github.com/pwittchen/ReactiveSensors}"
}