@misc{ReactiveX,
 title = "{ReactiveX}",
 howpublished = "\url{http://reactivex.io/}"
}