@misc{Retrofit,
 title = "{Retrofit}",
 howpublished = "\url{http://square.github.io/retrofit/}"
}