@misc{Robolectric,
 title = "{Robolectric}",
 howpublished = "\url{http://robolectric.org/}"
}