@misc{RxAndroid,
 title = "{RxAndroid}",
 howpublished = "\url{https://github.com/ReactiveX/RxAndroid}"
}