@misc{RxBinding,
 title = "{RxBinding}",
 howpublished = "\url{https://github.com/JakeWharton/RxBinding}"
}