@misc{RxBroadcast,
 title = "{RxBroadcast}",
 howpublished = "\url{https://github.com/cantrowitz/RxBroadcast}"
}