@misc{RxFileObserver,
 title = "{RxFileObserver}",
 howpublished = "\url{https://github.com/phajduk/RxFileObserver}"
}