@misc{RxGoogleMaps,
 title = "{RxGoogleMaps}",
 howpublished = "\url{https://github.com/sdoward/RxGoogleMaps}"
}