@misc{RxJava,
 title = "{RxJava}",
 howpublished = "\url{https://github.com/ReactiveX/RxJava}"
}