@misc{RxLifecycle,
 title = "{RxLifecycle}",
 howpublished = "\url{https://github.com/trello/RxLifecycle}"
}