@misc{RxPermissions,
 title = "{RxPermissions}",
 howpublished = "\url{https://github.com/tbruyelle/RxPermissions}"
}