@misc{RxPreferences,
 title = "{RxPreferences}",
 howpublished = "\url{https://github.com/f2prateek/rx-preferences}"
}