@misc{RxWear,
 title = "{RxWear}",
 howpublished = "\url{https://github.com/patloew/RxWear}"
}