@book{Young:2005:STA:1076948,
 author = {Young, Michal and Pezze, Mauro},
 title = {Software Testing and Analysis: Process, Principles and Techniques},
 year = {2005},
 isbn = {0471455938, 9780471455936},
 publisher = {John Wiley \& Sons},
} 