@misc{RepositoryStatic,
 title = "{Static Lifecycle Checks, Repository}",
 howpublished = "\url{https://github.com/Simone3/LifecycleLintChecks}"
}