@misc{stats,
 title = "{Statistics about smartphones and applications}",
 howpublished = "\url{http://www.statista.com/statistics/330695/number-of-smartphone-users-worldwide/}, \url{http://www.statista.com/statistics/276623/number-of-apps-available-in-leading-app-stores/}"
}