@misc{StorIO,
 title = "{StorIO}",
 howpublished = "\url{https://github.com/pushtorefresh/storio}"
}