@inproceedings{Adamsen:2015:SEA:2771783.2771786,
 author = {Adamsen, Christoffer Quist and Mezzetti, Gianluca and M{\o}ller, Anders},
 title = {Systematic Execution of Android Test Suites in Adverse Conditions},
 booktitle = {Proceedings of the 2015 International Symposium on Software Testing and Analysis},
 series = {ISSTA 2015},
 year = {2015},
 isbn = {978-1-4503-3620-8},
 location = {Baltimore, MD, USA},
 pages = {83--93},
 numpages = {11},
 url = {http://doi.acm.org/10.1145/2771783.2771786},
 doi = {10.1145/2771783.2771786},
 acmid = {2771786},
 publisher = {ACM},
 address = {New York, NY, USA},
 keywords = {Android, UI testing, automated testing, mobile apps},
}