@misc{TrackBuddy,
 title = "{TrackBuddy}",
 author = "{byteShaft}",
 howpublished = "\url{https://github.com/byteShaft/TrackBuddy}"
}