@misc{UIAutomator,
 title = "{UI Automator}",
 howpublished = "\url{https://developer.android.com/training/testing/ui-testing/uiautomator-testing.html}"
}