@misc{UIExerciserMonkey,
 title = "{UI Exerciser Monkey}",
 howpublished = "\url{https://developer.android.com/studio/test/monkey.html}"
}