@misc{WordPressApp,
 title = "{WordPress}",
 author = "{Automattic, Inc}",
 howpublished = "\url{https://wordpress.com/}"
}