@misc{WordPress2016-07-15,
 title = "{WordPress, Test Repository - July 15, 2016 Version}",
 howpublished = "\url{https://github.com/Simone3/WordPress-Android-2016-07-15}"
}