@misc{WordPressCMS,
 title = "{WordPress for Android}",
 author = "{Automattic, Inc}",
 howpublished = "Google Play \url{https://play.google.com/store/apps/details?id=org.wordpress.android}, Source Code \url{https://github.com/wordpress-mobile/WordPress-Android}"
}